@ARTICLE{Lades1993,
   AUTHOR    = {MARTIN LADES and JAN C. VORBRÜGGEN and JOACHIM BUHMANN and JÖRG LANGE and CRISTOPH von der MALSBURG and ROLF P. WÜRTZ and WOLFGANG KONEN},
   TITLE     = {Distortion Invariant Object Recognition in the Dynamic Link Architecture},
   JOURNAL   = {IEEE Transactions on Computers},
   VOLUME    = {42},
   NUMBER    = {3},
   PAGES     = {300--311},
   MONTH     = {Março},
   YEAR      = {1993}}
@BOOK{Wiskott1999,
   AUTHOR    = {LAURENZ WISKOTT and JEAN-MARC FELLOUS and NORBERT KRÜGER and CRISTOPH von der MALSBURG},
   TITLE     = {Intelligent Biometric Techniques in Fingerprint and Face Recognition},
   PUBLISHER = {L.C. Jain et al. (Editores) CRC Press},
   ADDRESS   = {New York, NY},
   EDITION   = {ISBN: 0-8493-2055-0},
   YEAR      = {1999}}
@CONFERENCE{Yan2006,
   AUTHOR    = {SHUICHENG YAN and TIANQIANG YUAN and XIAOOU TANG},
   TITLE     = {Learning Semantic Patterns with Discriminant Localized Binary Projections},
   CONF      = {2006 IEEE Computer Society Conference on Computer Vision and Pattern Recognition},
   VOLUME    = {1},
   YEAR      = {2006},
   PAGES     = {168--174},
   ADDRESS   = {New York, New York, USA},
   MONTH     = {17-22 de Junho}}
@INPROCEEDINGS{Savvides2002,
   AUTHOR    = {MARIOS SAVVIDES and B. V. K. VIJAYA KUMAR and PRADEEP KHOSLA},
   TITLE     = {Face Verification Using Correlation Filters},
   BOOKTITLE = {Proceedings of Third IEEE Automatic Identification Advanced Technologies},
   YEAR      = {2002},
   PAGES     = {56--61},
   ADDRESS   = {Terrytown, New York, USA},
   MONTH     = {14-15 de Março}}
@MASTERSTHESIS{Rafael2000,
   AUTHOR    = {RAFAEL DONNICI AZEVEDO},
   TITLE     = {Codificação Conjunta, para Fonte e Canal, Usando Quantização Vetorial Estruturada em Árvore, para Imagens de Sensoriamento Remoto},
   SCHOOL    = {Pontifícia Universidade Católica do Rio de Janeiro},
   ADDRESS   = {Rua Marquês de São Vicente, 255 - Gávea, Rio de Janeiro - RJ, Brasil},
   MONTH     = {Agosto},
   YEAR      = {2000}}
@MISC{Viola2002,
   AUTHOR    = {PAUL VIOLA and MICHAEL J. JONES},
   TITLE     = {Fast and Robust Classification Using Asymmetric AdaBoost and a Detector Cascade},
   URL       = {\href{http://citeseer.ist.psu.edu/viola01fast.html}{Scientific Literature Digital Library}},
   YEAR      = {2002}}
@PHDTHESIS{Oliveira2003,
   AUTHOR    = {JOSÉ FERNANDO LEITE {DE OLIVEIRA}},
   TITLE     = {Modulação Codificada e Compressão de Sinais},
   SCHOOL    = {Universidade Federal do Rio de Janeiro, COPPE},
   ADDRESS   = {Avenida Horácio Macedo, S/N, Rio de Janeiro - RJ, Brasil},
   MONTH     = {Dezembro},
   YEAR      = {2003}}
@TECHREPORT{Lienhart2002,
   AUTHOR      = {RAINER LIENHART and ALEXANDER KURANOV and VADIM PISAREVSKY},
   TITLE       = {Empirical Analysis of Detection Cascades of Boosted Classifiers for Rapid Object Detection},
   INSTITUTION = {Intel Corporation},
   TYPE        = {MRL Technical Report},
   NUMBER      = {2002/02},
   ADDRESS     = {Santa Clara, California 95052, USA},
   MONTH       = {Maio},
   YEAR        = {2002},
   NOTE        = {Revisado em dezembro de 2002}}
@UNPUBLISHED{Yan2007,
   AUTHOR    = {SHUICHENG YAN and TIANQIANG YUAN and XIAOOU TANG and THOMAS S. HUANG},
   TITLE     = {Learning Semantic Patterns with Discriminant Localized Binary Projections},
   NOTE      = {To appear in: 2008 IEEE Computer Society Conference on Computer Vision and Pattern Recognition},
   YEAR      = {2007},
   MONTH     = {Abril}}

ARTICLE{,
   AUTHOR    = {},
   TITLE     = {},
   JOURNAL   = {},
   VOLUME    = {},
   NUMBER    = {},
   PAGES     = {},
   MONTH     = {},
   YEAR      = {}}
BOOK{,
   AUTHOR    = {},
   TITLE     = {},
   PUBLISHER = {},
   ADDRESS   = {},
   EDITION   = {},
   YEAR      = {}}
CONFERENCE{,
   AUTHOR    = {},
   TITLE     = {},
   CONF      = {},
   VOLUME    = {},
   YEAR      = {},
   PAGES     = {},
   ADDRESS   = {},
   MONTH     = {}}
INPROCEEDINGS{,
   AUTHOR    = {},
   TITLE     = {},
   BOOKTITLE = {},
   YEAR      = {},
   PAGES     = {},
   ADDRESS   = {},
   MONTH     = {}}
MASTERSTHESIS{,
   AUTHOR    = {},
   TITLE     = {},
   SCHOOL    = {},
   ADDRESS   = {},
   MONTH     = {},
   YEAR      = {}}
MISC{,
   AUTHOR    = {},
   TITLE     = {},
   URL       = {},
   YEAR      = {}}
PHDTHESIS{,
   AUTHOR    = {},
   TITLE     = {},
   SCHOOL    = {},
   ADDRESS   = {},
   YEAR      = {}}
TECHREPORT{,
   AUTHOR      = {},
   TITLE       = {},
   INSTITUTION = {},
   TYPE        = {},
   NUMBER      = {},
   ADDRESS     = {},
   MONTH       = {},
   YEAR        = {},
   NOTE        = {}}
UNPUBLISHED{,
   AUTHOR    = {},
   TITLE     = {},
   NOTE      = {},
   YEAR      = {},
   MONTH     = {}}

